%YAML 1.1
%TAG !u! tag:unity3d.com,2011:
--- !u!1001 &5367246468986248947
PrefabInstance:
  m_ObjectHideFlags: 0
  serializedVersion: 2
  m_Modification:
    m_TransformParent: {fileID: 0}
    m_Modifications:
    - target: {fileID: 7760328540540294387, guid: a517d2d05e4c74be087270deca5bb292,
        type: 3}
      propertyPath: m_Name
      value: alien agent flappy Variant
      objectReference: {fileID: 0}
    - target: {fileID: 7760328540540294387, guid: a517d2d05e4c74be087270deca5bb292,
        type: 3}
      propertyPath: m_TagString
      value: Player
      objectReference: {fileID: 0}
    - target: {fileID: 7760328540540294388, guid: a517d2d05e4c74be087270deca5bb292,
        type: 3}
      propertyPath: m_LocalPosition.x
      value: -10.6904955
      objectReference: {fileID: 0}
    - target: {fileID: 7760328540540294388, guid: a517d2d05e4c74be087270deca5bb292,
        type: 3}
      propertyPath: m_LocalPosition.y
      value: 7.2252727
      objectReference: {fileID: 0}
    - target: {fileID: 7760328540540294388, guid: a517d2d05e4c74be087270deca5bb292,
        type: 3}
      propertyPath: m_LocalPosition.z
      value: 0
      objectReference: {fileID: 0}
    - target: {fileID: 7760328540540294388, guid: a517d2d05e4c74be087270deca5bb292,
        type: 3}
      propertyPath: m_LocalRotation.x
      value: -0
      objectReference: {fileID: 0}
    - target: {fileID: 7760328540540294388, guid: a517d2d05e4c74be087270deca5bb292,
        type: 3}
      propertyPath: m_LocalRotation.y
      value: -0
      objectReference: {fileID: 0}
    - target: {fileID: 7760328540540294388, guid: a517d2d05e4c74be087270deca5bb292,
        type: 3}
      propertyPath: m_LocalRotation.z
      value: -0
      objectReference: {fileID: 0}
    - target: {fileID: 7760328540540294388, guid: a517d2d05e4c74be087270deca5bb292,
        type: 3}
      propertyPath: m_LocalRotation.w
      value: 1
      objectReference: {fileID: 0}
    - target: {fileID: 7760328540540294388, guid: a517d2d05e4c74be087270deca5bb292,
        type: 3}
      propertyPath: m_RootOrder
      value: 0
      objectReference: {fileID: 0}
    - target: {fileID: 7760328540540294388, guid: a517d2d05e4c74be087270deca5bb292,
        type: 3}
      propertyPath: m_LocalEulerAnglesHint.x
      value: 0
      objectReference: {fileID: 0}
    - target: {fileID: 7760328540540294388, guid: a517d2d05e4c74be087270deca5bb292,
        type: 3}
      propertyPath: m_LocalEulerAnglesHint.y
      value: 0
      objectReference: {fileID: 0}
    - target: {fileID: 7760328540540294388, guid: a517d2d05e4c74be087270deca5bb292,
        type: 3}
      propertyPath: m_LocalEulerAnglesHint.z
      value: 0
      objectReference: {fileID: 0}
    - target: {fileID: 5417587400986501810, guid: a517d2d05e4c74be087270deca5bb292,
        type: 3}
      propertyPath: hostileCategories.Array.size
      value: 1
      objectReference: {fileID: 0}
    - target: {fileID: 5417587400986501810, guid: a517d2d05e4c74be087270deca5bb292,
        type: 3}
      propertyPath: hostileCategories.Array.data[0]
      value: flubble
      objectReference: {fileID: 0}
    - target: {fileID: 5151932017940097142, guid: a517d2d05e4c74be087270deca5bb292,
        type: 3}
      propertyPath: spriteRenderer
      value: 
      objectReference: {fileID: 3042525812906160129}
    - target: {fileID: 5151932017940097142, guid: a517d2d05e4c74be087270deca5bb292,
        type: 3}
      propertyPath: hitPoints
      value: 4
      objectReference: {fileID: 0}
    - target: {fileID: 5151932017940097142, guid: a517d2d05e4c74be087270deca5bb292,
        type: 3}
      propertyPath: damageCooldownTimer
      value: 2
      objectReference: {fileID: 0}
    - target: {fileID: 7760328540540294385, guid: a517d2d05e4c74be087270deca5bb292,
        type: 3}
      propertyPath: m_GravityScale
      value: 5
      objectReference: {fileID: 0}
    - target: {fileID: 7760328540540294390, guid: a517d2d05e4c74be087270deca5bb292,
        type: 3}
      propertyPath: groundCheck
      value: 
      objectReference: {fileID: 2436011491402259746}
    - target: {fileID: 7760328540540294390, guid: a517d2d05e4c74be087270deca5bb292,
        type: 3}
      propertyPath: jumpPower
      value: 1
      objectReference: {fileID: 0}
    - target: {fileID: 7760328540540294390, guid: a517d2d05e4c74be087270deca5bb292,
        type: 3}
      propertyPath: topFallSpeed
      value: 200
      objectReference: {fileID: 0}
    - target: {fileID: 6937077387801659987, guid: a517d2d05e4c74be087270deca5bb292,
        type: 3}
      propertyPath: sprites.Array.data[0].sprites.Array.size
      value: 3
      objectReference: {fileID: 0}
    - target: {fileID: 6937077387801659987, guid: a517d2d05e4c74be087270deca5bb292,
        type: 3}
      propertyPath: sprites.Array.data[2].sprites.Array.size
      value: 3
      objectReference: {fileID: 0}
    - target: {fileID: 6937077387801659987, guid: a517d2d05e4c74be087270deca5bb292,
        type: 3}
      propertyPath: spriteRenderer
      value: 
      objectReference: {fileID: 3042525812906160129}
    - target: {fileID: 6937077387801659987, guid: a517d2d05e4c74be087270deca5bb292,
        type: 3}
      propertyPath: sprites.Array.data[3].enableDuringAnimation
      value: 
      objectReference: {fileID: 8607212003973663832}
    - target: {fileID: 6937077387801659987, guid: a517d2d05e4c74be087270deca5bb292,
        type: 3}
      propertyPath: sprites.Array.data[0].sprites.Array.data[0]
      value: 
      objectReference: {fileID: 21300000, guid: e413ac0dc787740dbab42fd816972ec3,
        type: 3}
    - target: {fileID: 6937077387801659987, guid: a517d2d05e4c74be087270deca5bb292,
        type: 3}
      propertyPath: sprites.Array.data[0].sprites.Array.data[1]
      value: 
      objectReference: {fileID: 21300002, guid: e413ac0dc787740dbab42fd816972ec3,
        type: 3}
    - target: {fileID: 6937077387801659987, guid: a517d2d05e4c74be087270deca5bb292,
        type: 3}
      propertyPath: sprites.Array.data[0].sprites.Array.data[2]
      value: 
      objectReference: {fileID: 21300004, guid: e413ac0dc787740dbab42fd816972ec3,
        type: 3}
    - target: {fileID: 6937077387801659987, guid: a517d2d05e4c74be087270deca5bb292,
        type: 3}
      propertyPath: sprites.Array.data[1].sprites.Array.data[0]
      value: 
      objectReference: {fileID: 21300000, guid: e413ac0dc787740dbab42fd816972ec3,
        type: 3}
    - target: {fileID: 6937077387801659987, guid: a517d2d05e4c74be087270deca5bb292,
        type: 3}
      propertyPath: sprites.Array.data[1].sprites.Array.data[1]
      value: 
      objectReference: {fileID: 21300002, guid: e413ac0dc787740dbab42fd816972ec3,
        type: 3}
    - target: {fileID: 6937077387801659987, guid: a517d2d05e4c74be087270deca5bb292,
        type: 3}
      propertyPath: sprites.Array.data[1].angle
      value: 10
      objectReference: {fileID: 0}
    - target: {fileID: 6937077387801659987, guid: a517d2d05e4c74be087270deca5bb292,
        type: 3}
      propertyPath: sprites.Array.data[1].anglePerSecond
      value: 45
      objectReference: {fileID: 0}
    - target: {fileID: 6937077387801659987, guid: a517d2d05e4c74be087270deca5bb292,
        type: 3}
      propertyPath: sprites.Array.data[2].sprites.Array.data[0]
      value: 
      objectReference: {fileID: 21300008, guid: e413ac0dc787740dbab42fd816972ec3,
        type: 3}
    - target: {fileID: 6937077387801659987, guid: a517d2d05e4c74be087270deca5bb292,
        type: 3}
      propertyPath: sprites.Array.data[2].sprites.Array.data[1]
      value: 
      objectReference: {fileID: 21300010, guid: e413ac0dc787740dbab42fd816972ec3,
        type: 3}
    - target: {fileID: 6937077387801659987, guid: a517d2d05e4c74be087270deca5bb292,
        type: 3}
      propertyPath: sprites.Array.data[2].sprites.Array.data[2]
      value: 
      objectReference: {fileID: 21300002, guid: e413ac0dc787740dbab42fd816972ec3,
        type: 3}
    - target: {fileID: 6937077387801659987, guid: a517d2d05e4c74be087270deca5bb292,
        type: 3}
      propertyPath: sprites.Array.data[3].sprites.Array.data[0]
      value: 
      objectReference: {fileID: 21300010, guid: e413ac0dc787740dbab42fd816972ec3,
        type: 3}
    - target: {fileID: 6937077387801659987, guid: a517d2d05e4c74be087270deca5bb292,
        type: 3}
      propertyPath: sprites.Array.data[3].sprites.Array.data[1]
      value: 
      objectReference: {fileID: 21300006, guid: e413ac0dc787740dbab42fd816972ec3,
        type: 3}
    - target: {fileID: 6937077387801659987, guid: a517d2d05e4c74be087270deca5bb292,
        type: 3}
      propertyPath: sprites.Array.data[5].sprites.Array.data[0]
      value: 
      objectReference: {fileID: 21300006, guid: e413ac0dc787740dbab42fd816972ec3,
        type: 3}
    - target: {fileID: 6937077387801659987, guid: a517d2d05e4c74be087270deca5bb292,
        type: 3}
      propertyPath: sprites.Array.data[6].sprites.Array.data[0]
      value: 
      objectReference: {fileID: 21300004, guid: e413ac0dc787740dbab42fd816972ec3,
        type: 3}
    - target: {fileID: 6937077387801659987, guid: a517d2d05e4c74be087270deca5bb292,
        type: 3}
      propertyPath: sprites.Array.data[7].sprites.Array.data[0]
      value: 
      objectReference: {fileID: 21300006, guid: e413ac0dc787740dbab42fd816972ec3,
        type: 3}
    - target: {fileID: 6937077387801659987, guid: a517d2d05e4c74be087270deca5bb292,
        type: 3}
      propertyPath: sprites.Array.data[8].sprites.Array.data[0]
      value: 
      objectReference: {fileID: 21300004, guid: e413ac0dc787740dbab42fd816972ec3,
        type: 3}
    - target: {fileID: 6937077387801659987, guid: a517d2d05e4c74be087270deca5bb292,
        type: 3}
      propertyPath: sprites.Array.data[3].delay
      value: 0.04
      objectReference: {fileID: 0}
    - target: {fileID: 6937077388739518486, guid: a517d2d05e4c74be087270deca5bb292,
        type: 3}
      propertyPath: m_RootTransform
      value: 
      objectReference: {fileID: 2436011489474103815}
    - target: {fileID: 2877029479270701955, guid: a517d2d05e4c74be087270deca5bb292,
        type: 3}
      propertyPath: m_Size.y
      value: 0.28
      objectReference: {fileID: 0}
    - target: {fileID: 6008016490974590887, guid: a517d2d05e4c74be087270deca5bb292,
        type: 3}
      propertyPath: damage
      value: 2
      objectReference: {fileID: 0}
    - target: {fileID: 7916347224246385922, guid: a517d2d05e4c74be087270deca5bb292,
        type: 3}
      propertyPath: m_Size.y
      value: 0.75
      objectReference: {fileID: 0}
    - target: {fileID: 6937077388213710578, guid: a517d2d05e4c74be087270deca5bb292,
        type: 3}
      propertyPath: m_Color.g
      value: 1
      objectReference: {fileID: 0}
    - target: {fileID: 6937077388213710578, guid: a517d2d05e4c74be087270deca5bb292,
        type: 3}
      propertyPath: m_Color.r
      value: 1
      objectReference: {fileID: 0}
    - target: {fileID: 6937077388213710578, guid: a517d2d05e4c74be087270deca5bb292,
        type: 3}
      propertyPath: m_Color.b
      value: 1
      objectReference: {fileID: 0}
    - target: {fileID: 6937077388213710578, guid: a517d2d05e4c74be087270deca5bb292,
        type: 3}
      propertyPath: m_Sprite
      value: 
      objectReference: {fileID: 21300000, guid: e413ac0dc787740dbab42fd816972ec3,
        type: 3}
    - target: {fileID: 6725369703151903303, guid: a517d2d05e4c74be087270deca5bb292,
        type: 3}
      propertyPath: m_Rigidbody
      value: 
      objectReference: {fileID: 2436011489474103810}
    - target: {fileID: 7979701559770387635, guid: a517d2d05e4c74be087270deca5bb292,
        type: 3}
      propertyPath: ejectionPoint
      value: 
      objectReference: {fileID: 8607212003973663832}
    - target: {fileID: 7979701559770387635, guid: a517d2d05e4c74be087270deca5bb292,
        type: 3}
      propertyPath: root
      value: 
      objectReference: {fileID: 2436011489474103815}
    m_RemovedComponents:
    - {fileID: 8662218463700673131, guid: a517d2d05e4c74be087270deca5bb292, type: 3}
    - {fileID: 6725369703151903303, guid: a517d2d05e4c74be087270deca5bb292, type: 3}
    - {fileID: 7979701559770387635, guid: a517d2d05e4c74be087270deca5bb292, type: 3}
  m_SourcePrefab: {fileID: 100100000, guid: a517d2d05e4c74be087270deca5bb292, type: 3}
--- !u!4 &2436011489474103815 stripped
Transform:
  m_CorrespondingSourceObject: {fileID: 7760328540540294388, guid: a517d2d05e4c74be087270deca5bb292,
    type: 3}
  m_PrefabInstance: {fileID: 5367246468986248947}
  m_PrefabAsset: {fileID: 0}
--- !u!50 &2436011489474103810 stripped
Rigidbody2D:
  m_CorrespondingSourceObject: {fileID: 7760328540540294385, guid: a517d2d05e4c74be087270deca5bb292,
    type: 3}
  m_PrefabInstance: {fileID: 5367246468986248947}
  m_PrefabAsset: {fileID: 0}
--- !u!4 &2436011491402259746 stripped
Transform:
  m_CorrespondingSourceObject: {fileID: 7760328542300668881, guid: a517d2d05e4c74be087270deca5bb292,
    type: 3}
  m_PrefabInstance: {fileID: 5367246468986248947}
  m_PrefabAsset: {fileID: 0}
--- !u!212 &3042525812906160129 stripped
SpriteRenderer:
  m_CorrespondingSourceObject: {fileID: 6937077388213710578, guid: a517d2d05e4c74be087270deca5bb292,
    type: 3}
  m_PrefabInstance: {fileID: 5367246468986248947}
  m_PrefabAsset: {fileID: 0}
--- !u!4 &8607212003973663832 stripped
Transform:
  m_CorrespondingSourceObject: {fileID: 4399664498142679723, guid: a517d2d05e4c74be087270deca5bb292,
    type: 3}
  m_PrefabInstance: {fileID: 5367246468986248947}
  m_PrefabAsset: {fileID: 0}
